% This file was created with JabRef 2.9.2.
% Encoding: UTF-8

@ARTICLE{Abdalati2010,
  author = {Abdalati, W. and Zwally, H.J. and Bindschadler, R. and Csatho, B.
	and Farrell, S.L. and Fricker, H.A. and Harding, D. and Kwok, R.
	and Lefsky, M. and Markus, T., Marshak, A. and Neumann, T. and Palm,
	S. and Schutz, B. and Smith, B. and Spinhirne, J. and Webb, C.},
  title = {{T}he {ICES}at-2 laser altimetry mission},
  journal = {{P}roceedings of the {IEEE}},
  year = {2010},
  volume = {98},
  pages = {735--751},
  number = {5},
  abbrev_source_title = {Proc. IEEE},
  art_number = {5461025},
  author_keywords = {Ice sheets; ICESat-2; Laser altimetry; NASA; Satellite; Sea ice; Vegetation},
  coden = {IEEPA}
}

@ARTICLE{Armston2009a,
  author = {Armston, J.D. and Denham, R.J. and Danaher, T.J. and Scarth, P.F.
	and Moffiet, T.N.},
  title = {Prediction and validation of foliage projective cover from Landsat-5
	TM and Landsat-7 ETM+ imagery},
  journal = {Journal of applied remote sensing},
  year = {2009},
  volume = {3},
  pages = {033540},
  __markedentry = {[pete]}
}

@ARTICLE{Armston2009,
  author = {Armston, J. D. and Denham, R. J. and Danaher, T. J. and Scarth, P.
	F. and Moffiet, T. N.},
  title = {{P}rediction and validation of foliage projective cover from {L}andsat-5
	{TM} and {L}andsat-7 {ETM}+ imagery},
  journal = {{J}ournal of {A}pplied {R}emote {S}ensing},
  year = {2009},
  volume = {3},
  pages = {033540--28},
  number = {1}
}

@ARTICLE{Asner2002,
  author = {Asner, G. P. and Heidebrecht, K. B.},
  title = {{S}pectral unmixing of vegetation, soil and dry carbon cover in arid
	regions: {C}omparing multispectral and hyperspectral observations},
  journal = {{I}nternational {J}ournal of {R}emote {S}ensing},
  year = {2002},
  volume = {23},
  pages = {3939--3958},
  number = {19}
}

@BOOK{Bastin2008,
  title = {{R}angelands 2008 - {T}aking the {P}ulse},
  publisher = {published on behalf of the ACRIS Management Committee by the National
	Land \& Water Resources Audit},
  year = {2008},
  author = {Bastin, G},
  address = {Canberra}
}

@ARTICLE{Bastin2006,
  author = {Bastin, G. N. and Ludwig, J. A.},
  title = {{P}roblems and prospects for mapping vegetation condition in {A}ustralia's
	arid rangelands},
  journal = {{E}cological {M}anagement and {R}estoration},
  year = {2006},
  volume = {7},
  number = {SUPPL. 1}
}

@ARTICLE{Bastin1998,
  author = {Bastin, G. N. and Tynan, R. W. and Chewings, V. H.},
  title = {{I}mplementing satellite-based grazing gradient methods for rangeland
	assessment in {S}outh {A}ustralia},
  journal = {{R}angeland {J}ournal},
  year = {1998},
  volume = {20},
  pages = {61--76},
  number = {1}
}

@ARTICLE{Blaschke2010,
  author = {T. Blaschke},
  title = {Object based image analysis for remote sensing},
  journal = {ISPRS Journal of Photogrammetry and Remote Sensing},
  year = {2010},
  volume = {65},
  pages = {2--16},
  number = {1},
  doi = {10.1016/j.isprsjprs.2009.06.004}
}

@ARTICLE{Borel1994,
  author = {Borel, C. C. and Gerstl, S. A. W.},
  title = {{N}onlinear spectral mixing models for vegetative and soil surfaces},
  journal = {{R}emote {S}ensing of {E}nvironment},
  year = {1994},
  volume = {47},
  pages = {403--416},
  number = {3}
}

@ARTICLE{Brady1995,
  author = {Brady, W. W. and Mitchell, J. E. and Bonham, C. D. and Cook, J. W.},
  title = {{A}ssessing the power of the point-line transect to monitor changes
	in plant basal cover},
  journal = {{J}ournal of {R}ange {M}anagement},
  year = {1995},
  volume = {48},
  pages = {187},
  number = {2}
}

@ARTICLE{Briggs2006,
  author = {Briggs, S. V. and Freudenberger, D.},
  title = {{A}ssessment and monitoring of vegetation condition: {M}oving forward},
  journal = {{E}cological {M}anagement and {R}estoration},
  year = {2006},
  volume = {7},
  number = {SUPPL. 1}
}

@ARTICLE{Bro1997,
  author = {Bro, R. and Jong, S. de},
  title = {{A} fast non-negativity constrained least squares algorithm},
  journal = {{J}ournal of {C}hemometrics},
  year = {1997},
  volume = {11},
  pages = {393--401}
}

@ARTICLE{Bunting2010a,
  author = {Peter Bunting and Richard M. Lucas and Kerstin Jones and Anthony
	R. Bean},
  title = {Characterisation and mapping of forest communities by clustering
	individual tree crowns},
  journal = {Remote Sensing of Environment},
  year = {2010},
  volume = {114},
  pages = {2536--2547},
  number = {11},
  doi = {10.1016/j.rse.2010.05.030}
}

@BOOK{Carnahan1981,
  title = {{M}apping at a continental level.},
  publisher = {CSIRO; published ANUP},
  year = {1981},
  editor = {Gillison A.N. and Anderson D.J.},
  author = {Carnahan, J.A.},
  pages = {107--113},
  journal = {{V}egetation classification in {A}ustralia. {P}roc. workshop 1978}
}

@ARTICLE{Carnahan1990a,
  author = {Carnahan, J.A.},
  title = {{M}apping {A}ustralia's vegetation - 200 years of change},
  journal = {{C}artography},
  year = {1990},
  volume = {19},
  pages = {1--6},
  number = {2}
}

@ARTICLE{Chander2009,
  author = {Chander, G. and Markham, B. L. and Helder, D. L.},
  title = {{S}ummary of current radiometric calibration coefficients for {L}andsat
	{MSS}, {TM}, {ETM}+, and {EO}-1 {ALI} sensors},
  journal = {{R}emote {S}ensing of {E}nvironment},
  year = {2009},
  volume = {113},
  pages = {893--903},
  number = {5}
}

@ARTICLE{Chen2005,
  author = {Chen, J.M. and Menges, C.H. and Leblanc, S.G.},
  title = {{G}lobal mapping of foliage clumping index using multi-angular satellite
	data},
  journal = {{R}emote {S}ensing of {E}nvironment},
  year = {2005},
  volume = {97},
  pages = {447--457},
  number = {4},
  date = {2005///}
}

@ARTICLE{Danaher2010,
  author = {Danaher, T. and Scarth, P. and Armston, J. and Collett, L. and Kitchen,
	J. and Gillingham, S.},
  title = {Remote Sensing of Tree--Grass Systems: The Eastern Australian Woodlands},
  journal = {Ecosystem Function in Savanna: measurement and modeling at landscape
	to global scales, CRC Press, Boca Raton},
  year = {2010},
  pages = {175--93},
  __markedentry = {[pete]}
}

@ARTICLE{Danaher2004,
  author = {Danaher, T. J. and Armston, J. D. and Collett, L. J.},
  title = {{A} multiple regression model for the estimation of woody foliage
	cover using {L}andsat in {Q}ueensland, {A}ustralia},
  journal = {{P}roceedings of {IGARSS} 2004, {A}nchorage},
  year = {2004}
}

@ARTICLE{Dube2001,
  author = {Dube, O. P. and Pickup, G.},
  title = {{E}ffects of rainfall variability and communal and semi-commercial
	grazing on land cover in southern {A}frican rangelands},
  journal = {{C}limate {R}esearch},
  year = {2001},
  volume = {17},
  pages = {195--208},
  number = {2 SPECIAL 8}
}

@ARTICLE{Duncanson2010,
  author = {Duncanson, L.I. and Niemann, K.O. and Wulder, M.A.},
  title = {{E}stimating forest canopy height and terrain relief from {GLAS}
	waveform metrics},
  journal = {{R}emote {S}ensing of {E}nvironment},
  year = {2010},
  volume = {114},
  pages = {138--154},
  number = {1},
  abbrev_source_title = {Remote Sens. Environ.},
  author_keywords = {Airborne LiDAR; Discrete return; Forest; Full waveform; GLAS; ICESat;
	LiDAR; Space-borne LiDAR; Terrain relief; Vegetation},
  coden = {RSEEA}
}

@ARTICLE{Eldeiry2008,
  author = {Eldeiry, A.A. and Garcia, L.A. and Reich, R.M.},
  title = {{S}oil salinity sampling strategy using spatial modeling techniques,
	remote sensing, and field data},
  journal = {{J}ournal of {I}rrigation and {D}rainage {E}ngineering},
  year = {2008},
  volume = {134},
  pages = {768--777},
  number = {6},
  abbrev_source_title = {J. Irrig. Drain. Eng.},
  author_keywords = {Agriculture; Crops; Remote sensing; Salinity; Soils}
}

@ARTICLE{Elden2004,
  author = {Elden, L.},
  title = {{P}artial least-squares vs. {L}anczos bidiagonalization-{I}: {A}nalysis
	of a projection method for multiple regression},
  journal = {{C}omputational {S}tatistics and {D}ata {A}nalysis},
  year = {2004},
  volume = {46},
  pages = {11--31},
  number = {1}
}

@ARTICLE{Eustace2009,
  author = {Eustace, Alisa and Pringle, Matthew and Witte, Christian},
  journal = {{I}nnovations in {R}emote {S}ensing and {P}hotogrammetry},
  pages = {255--269},
  title = {{G}ive {M}e the {D}irt: {D}etection of {G}ully {E}xtent and {V}olume
	{U}sing {H}igh-{R}esolution {L}idar},
  year = {2009}
}

@ARTICLE{Fensham2008,
  author = {Fensham, R.J.},
  title = {{A} protocol for assessing applications to selectively clear vegetation
	in {A}ustralia},
  journal = {{L}and {U}se {P}olicy},
  year = {2008},
  volume = {25},
  pages = {249--258},
  number = {2},
  abbrev_source_title = {Land Use Policy},
  author_keywords = {Rangelands; Savanna; Scrub encroachment; Selective thinning; Vegetation
	clearing; Vegetation thickening}
}

@ARTICLE{Fensham2005,
  author = {Fensham, R.J. and Fairfax, R.J.},
  title = {{P}reliminary assessment of gidgee ({A}cacia cambagei) woodland thickening
	in the {L}ongreach district, {Q}ueensland},
  journal = {{R}angeland {J}ournal},
  year = {2005},
  volume = {27},
  pages = {159--168},
  number = {2},
  date = {2005///}
}

@ARTICLE{Fernandes2004,
  author = {Fernandes, R. and Fraser, R. and Latifovic, R. and Cihlar, J. and
	Beaubien, J. and Du, Y.},
  title = {{A}pproaches to fractional land cover and continuous field mapping:
	{A} comparative assessment over the {BOREAS} study region},
  journal = {{R}emote {S}ensing of {E}nvironment},
  year = {2004},
  volume = {89},
  pages = {234--251},
  number = {2}
}

@INPROCEEDINGS{Freeman2009,
  author = {Freeman, A. and Rosen, P. and Jordan, R. and Johnson, W.T.K. and
	Hensley, S. and Sweetser, T. and Loverro, A. and Smith, J. and Sprague,
	G. and Shen, Y.},
  title = {{DESD}yn{I} - {A NASA} mission for ecosystems, solid earth, and cryosphere
	science},
  booktitle = {4th International Workshop on Science and Applications of SAR Polarimetry
	and Polarimetric Interferometry, PolInSAR 2009},
  year = {2009},
  volume = {668 SP},
  pages = {--},
  address = {Frascati}
}

@ARTICLE{Grossman1996,
  author = {Grossman, Y. L. and Ustin, S. L. and Jacquemoud, S. and Sanderson,
	E. W. and Schmuck, G. and Verdebout, J.},
  title = {{C}ritique of stepwise multiple linear regression for the extraction
	of leaf biochemistry information from leaf reflectance data},
  journal = {{R}emote {S}ensing of {E}nvironment},
  year = {1996},
  volume = {56},
  pages = {182--193},
  number = {3}
}

@ARTICLE{Harding2005,
  author = {Harding, D. J. and Carabajal, C. C.},
  title = {{ICES}at waveform measurements of within-footprint topographic relief
	and vegetation vertical structure},
  journal = {{G}eophysical {R}esearch {L}etters},
  year = {2005},
  volume = {32},
  pages = {1--4},
  number = {21}
}

@ARTICLE{Harris2003,
  author = {Harris, A. T. and Asner, G. P.},
  title = {{G}razing gradient detection with airborne imaging spectroscopy on
	a semi-arid rangeland},
  journal = {{J}ournal of {A}rid {E}nvironments},
  year = {2003},
  volume = {55},
  pages = {391--404},
  number = {3}
}

@ARTICLE{Hassett2000,
  author = {Hassett, R.C. and Wood, H.L. and Carter, J.O. and Danaher, T.J.},
  title = {{A} field method for statewide ground-truthing of a spatial pasture
	growth model},
  journal = {{A}ustralian {J}ournal of {E}xperimental {A}griculture},
  year = {2000},
  volume = {40},
  pages = {1069--1079},
  number = {8},
  date = {2000///}
}

@ARTICLE{Heinz2001,
  author = {Heinz, D.C. and Chang, C.-I.},
  title = {{F}ully constrained least squares linear spectral mixture analysis
	method for material quantification in hyperspectral imagery},
  journal = {{IEEE} {T}rans {G}eosci {R}emote {S}ens},
  year = {2001},
  volume = {39},
  pages = {529--545},
  number = {3},
  address = {Remote Sensing Signal and Image Processing Laboratory, Department
	of Computer Science and Electrical Engineering, University of Maryland-Baltimore
	County, Baltimore, MD 21250, United States}
}

@ARTICLE{Hill1986,
  author = {Hill, G.J.E. and Kelly, G.D.},
  title = {{I}ntegrating {L}andsat and land systems for cover maps in southern
	inland {Q}ueensland.},
  journal = {{A}ustralian {G}eographical {S}tudies},
  year = {1986},
  volume = {24},
  pages = {235--243},
  number = {2},
  date = {1986///}
}

@ARTICLE{Hill2008,
  author = {Hill, J. and Stellmes, M. and Udelhoven, Th and R\"{o}der, A. and
	Sommer, S.},
  title = {{M}editerranean desertification and land degradation. {M}apping related
	land use change syndromes based on satellite observations},
  journal = {{G}lobal and {P}lanetary {C}hange},
  year = {2008},
  volume = {64},
  pages = {146--157},
  number = {3-4}
}

@ARTICLE{Hill2005,
  author = {Hill, M. J. and Roxburgh, S. H. and Carter, J. O. and McKeon, G.
	M.},
  title = {{V}egetation state change and consequent carbon dynamics in savanna
	woodlands of {A}ustralia in response to grazing, drought and fire:
	{A} scenario approach using 113 years of synthetic annual fire and
	grassland growth},
  journal = {{A}ustralian {J}ournal of {B}otany},
  year = {2005},
  volume = {53},
  pages = {715--739},
  number = {7}
}

@ARTICLE{Hill1999b,
  author = {Hill, R. A.},
  title = {{I}mage segmentation for humid tropical forest classification in
	{L}andsat {TM} data},
  journal = {{I}nternational {J}ournal of {R}emote {S}ensing},
  year = {1999},
  volume = {20},
  pages = {1039--1044},
  number = {5}
}

@ARTICLE{Hostert2003a,
  author = {Hostert, P. and R\"{o}der, A. and Hill, J.},
  title = {{C}oupling spectral unmixing and trend analysis for monitoring of
	long-term vegetation dynamics in {M}editerranean rangelands},
  journal = {{R}emote {S}ensing of {E}nvironment},
  year = {2003},
  volume = {87},
  pages = {183--197},
  number = {2-3}
}

@ARTICLE{Hostert2003b,
  author = {Hostert, P. and R\"{o}der, A. and Hill, J. and Udelhoven, T. and
	Tsiourlis, G.},
  title = {{R}etrospective studies of grazing-induced land degradation: {A}
	case study in central {C}rete, {G}reece},
  journal = {{I}nternational {J}ournal of {R}emote {S}ensing},
  year = {2003},
  volume = {24},
  pages = {4019--4034},
  number = {20}
}

@ARTICLE{Jafari2007,
  author = {Jafari, R. and Lewis, M. M. and Ostendorf, B.},
  title = {{E}valuation of vegetation indices for assessing vegetation cover
	in southern arid lands in {S}outh {A}ustralia},
  journal = {{R}angeland {J}ournal},
  year = {2007},
  volume = {29},
  pages = {39--49},
  number = {1}
}

@ARTICLE{Johansen2010,
  author = {Johansen, K. and Arroyo, L.A. and Armston, J. and Phinn, S. and Witte,
	C.},
  title = {{M}apping riparian condition indicators in a sub-tropical savanna
	environment from discrete return {L}i{DAR} data using object-based
	image analysis},
  journal = {{E}cological {I}ndicators},
  year = {2010},
  volume = {10},
  pages = {796--807},
  number = {4},
  abbrev_source_title = {Ecol. Indic.},
  author_keywords = {Airborne LiDAR; Environmental indicators; Object-based image analysis;
	Remote sensing; Riparian zone}
}

@ARTICLE{Jones2001,
  author = {Jones, Eric and Oliphant, Travis and Peterson, Pearu},
  year = {2001},
  title = {{S}ci{P}y: {O}pen {S}ource {S}cientific {T}ools for {P}ython}
}


@ARTICLE{Kalivas1999,
  author = {Kalivas, J. H.},
  title = {{I}nterrelationships of multivariate regression methods using eigenvector
	basis sets},
  journal = {{J}ournal of {C}hemometrics},
  year = {1999},
  volume = {13},
  pages = {111--132},
  number = {2}
}

@ARTICLE{Karfs2009,
  author = {Karfs, R. A. and Abbott, B. N. and Scarth, P. F. and Wallace, J.
	F.},
  title = {{L}and condition monitoring information for reef catchments: a new
	era},
  journal = {{T}he {R}angeland {J}ournal},
  year = {2009},
  volume = {31},
  pages = {69--86},
  number = {1}
}

@INBOOK{Kaufman2008,
  pages = {1--67},
  title = {Finding Groups in Data},
  publisher = {John Wiley \& Sons, Inc.},
  year = {2008},
  author = {Kaufman, L and Rousseeuw, P. J.},
  __markedentry = {[pete:6]},
  booktitle = {Finding Groups in Data},
  doi = {10.1002/9780470316801.ch1},
  isbn = {9780470316801}
}

@ARTICLE{Keshava2002,
  author = {Keshava, N.a and Mustard, J.F.b},
  title = {{S}pectral unmixing},
  journal = {{IEEE} {S}ignal {P}rocessing {M}agazine},
  year = {2002},
  volume = {19},
  pages = {44--57},
  number = {1},
  abbrev_source_title = {IEEE Signal Process Mag},
  coden = {ISPRE}
}

@ARTICLE{Korb2003,
  author = {Korb, J. E. and Covington, W. W. and Fule, P. Z.},
  title = {{S}ampling techniques influence understory plant trajectories after
	restoration: {A}n example from ponderosa pine restoration},
  journal = {{R}estoration {E}cology},
  year = {2003},
  volume = {11},
  pages = {504--515},
  number = {4}
}

@ARTICLE{Larsson1993,
  author = {Larsson, H.},
  title = {{L}inear regressions for canopy cover estimation in acacia woodlands
	using {L}andsat-{TM}, -{MSS} and {SPOT HRV XS} data},
  journal = {{I}nternational {J}ournal of {R}emote {S}ensing},
  year = {1993},
  volume = {14},
  pages = {2129--2136},
  number = {11}
}

@ARTICLE{Lawrence1998,
  author = {Lawrence, R. L. and Ripple, W. J.},
  title = {{C}omparisons among vegetation indices and bandwise regression in
	a highly disturbed, heterogeneous landscape: {M}ount {S}t. {H}elens,
	{W}ashington},
  journal = {{R}emote {S}ensing of {E}nvironment},
  year = {1998},
  volume = {64},
  pages = {91--102},
  number = {1}
}

@ARTICLE{Lawson2006,
  author = {Lawson, B.E. and Wardell-Johnson, G.},
  title = {{R}elating spatial and temporal patterns in floristics with vegetation
	mapping: {A}n example from {F}raser {I}sland, south-east {Q}ueensland,
	{A}ustralia},
  journal = {{P}acific {C}onservation {B}iology},
  year = {2006},
  volume = {12},
  pages = {288--300},
  number = {4},
  abbrev_source_title = {Pac. Conserv. Biol.},
  author_keywords = {Geomorphology; Multidimensional scaling ordination; Regional ecosystems;
	Site-based data; Temporal change; Vegetation mapping}
}

@BOOK{Lawson1995,
  title = {{S}olving least squares problems},
  publisher = {Siam},
  year = {1995},
  author = {Lawson, Charles L.},
  pages = {337},
  series = {Classics in applied mathematics : 15.},
  address = {Philadelphia}
}

@ARTICLE{Lu2003,
  author = {Lu, H. and Raupach, M.R. and McVicar, T.R. and Barrett, D.J.},
  title = {{D}ecomposition of vegetation cover into woody and herbaceous components
	using {AVHRR NDVI} time series},
  journal = {{R}emote {S}ensing of {E}nvironment},
  year = {2003},
  volume = {86},
  pages = {1--18},
  number = {1},
  date = {2003///}
}

@ARTICLE{Lucas2010,
  author = {Lucas, R. and Armston, J. and Fairfax, R. and Fensham, R. and Accad,
	A. and Carreiras, J. and Kelley, J. and Bunting, P. and Clewley,
	D. and Bray, S. and Metcalfe, D. and Dwyer, J. and Bowen, M. and
	Eyre, T. and Laidlaw, M. and Shimada, M.},
  title = {An Evaluation of the ALOS {PALSAR} L-Band Backscatter ;Above Ground
	Biomass Relationship Queensland, Australia: Impacts of Surface Moisture
	Condition and Vegetation Structure},
  journal = {Selected Topics in Applied Earth Observations and Remote Sensing,
	IEEE Journal of},
  year = {2010},
  volume = {3},
  pages = {576--593},
  number = {4},
  month = dec,
  doi = {10.1109/JSTARS.2010.2086436}
}

@ARTICLE{Lucas2006d,
  author = {Richard M. Lucas and Natasha Cronin and Mahta Moghaddam and Alex
	Lee and John Armston and Peter Bunting and Christian Witte},
  title = {Integration of radar and Landsat-derived foliage projected cover
	for woody regrowth mapping, Queensland, Australia},
  journal = {Remote Sensing of Environment},
  year = {2006},
  volume = {100},
  pages = {388--406},
  number = {3},
  doi = {10.1016/j.rse.2005.09.020}
}

@ARTICLE{Ludwig2007,
  author = {Ludwig, J. A. and Bastin, G. N. and Chewings, V. H. and Eager, R.
	W. and Liedloff, A. C.},
  title = {{L}eakiness: {A} new index for monitoring the health of arid and
	semiarid landscapes using remotely sensed vegetation cover and elevation
	data},
  journal = {{E}cological {I}ndicators},
  year = {2007},
  volume = {7},
  pages = {442--454},
  number = {2}
}

@ARTICLE{Makela2001,
  author = {Makela, H. and Pekkarinen, A.},
  title = {{E}stimation of timber volume at the sample plot level by means of
	image segmentation and {L}andsat {TM} imagery},
  journal = {{R}emote {S}ensing of {E}nvironment},
  year = {2001},
  volume = {77},
  pages = {66--75},
  number = {1}
}

@INPROCEEDINGS{Milne2000,
  author = {Milne, A.K. and Lucas, R.M. and Cronin, N. and Dong, Y. and Witte,
	C.},
  title = {{M}onitoring biomass using polarimetric multi-frequency {SAR}},
  booktitle = {IEEE Aerospace Conference Proceedings},
  year = {2000},
  volume = {3},
  pages = {245--252},
  date = {2000///}
}

@ARTICLE{Murphy2002,
  author = {Murphy, S. R. and Lodge, G. M.},
  title = {{G}round cover in temperate native perennial grass pastures. {I}.
	{A} comparison of four estimation methods},
  journal = {{T}he {R}angeland {J}ournal},
  year = {2002},
  volume = {24},
  pages = {288--300},
  number = {2}
}


@BOOK{Muir2011,
  title = {{G}uidelines for Field measurement of fractional ground cover: a technical handbook supporting the Australian collaborative land use and management program.{I}.},
  publisher = {Tech. rep.,Queensland Department of Environment and Resource Management for the Australian Bureau of Agricultural and Resource Economics and Sciences},
  year = {2011},
  author = {Muir, J. and Schmidt, M. and Tindall, D. and Trevithick, R. and Scarth, P. and Stewart, J.},
  address = {Canberra}
}




@ARTICLE{Nielsen1998,
  author = {Nielsen, A. A. and Conradsen, K. and Simpson, J. J.},
  title = {{M}ultivariate alteration detection ({MAD}) and {MAF} postprocessing
	in multispectral, bitemporal image data: {N}ew approaches to change
	detection studies},
  journal = {{R}emote {S}ensing of {E}nvironment},
  year = {1998},
  volume = {64},
  pages = {1--19},
  number = {1}
}

@ARTICLE{O'Reagain2009,
  author = {O'Reagain, P. and Bushell, J. and Holloway, C. and Reid, A.},
  title = {{M}anaging for rainfall variability: {E}ffect of grazing strategy
	on cattle production in a dry tropical savanna},
  journal = {{A}nimal {P}roduction {S}cience},
  year = {2009},
  volume = {49},
  pages = {85--99},
  number = {2}
}

@ARTICLE{Okin2001,
  author = {Okin, G. S. and Roberts, D. A. and Murray, B. and Okin, W. J.},
  title = {{P}ractical limits on hyperspectral vegetation discrimination in
	arid and semiarid environments},
  journal = {{R}emote {S}ensing of {E}nvironment},
  year = {2001},
  volume = {77},
  pages = {212--225},
  number = {2}
}

@ARTICLE{Pech1986,
  author = {Pech, R. P. and Davis, A. W. and Lamacraft, R. R. and Graetz, R.
	D.},
  title = {{C}alibration of {LANDSAT} data for sparsely vegetated semi-arid
	rangelands},
  journal = {{I}nternational {J}ournal of {R}emote {S}ensing},
  year = {1986},
  volume = {7},
  pages = {1729--1750},
  number = {12}
}

@ARTICLE{Pech1986a,
  author = {Pech, R. P. and Graetz, R. D. and Davis, A. W.},
  title = {{R}eflectance modelling and the derivation of vegetation indices
	for an {A}ustralian semi-arid shrubland},
  journal = {{I}nternational {J}ournal of {R}emote {S}ensing},
  year = {1986},
  volume = {7},
  pages = {389--403},
  number = {3}
}

@ARTICLE{Phinn2002a,
  author = {Phinn, S. and Stanford, M. and Scarth, P. and Murray, A. T. and Shyy,
	P. T.},
  title = {{M}onitoring the composition of urban environments based on the vegetation-impervious
	surface-soil ({VIS}) model by subpixel analysis techniques},
  journal = {{I}nternational {J}ournal of {R}emote {S}ensing},
  year = {2002},
  volume = {23},
  pages = {4131--4153},
  number = {20}
}

@ARTICLE{Pickup1998,
  author = {Pickup, G. and Bastin, G. N. and Chewings, V. H.},
  title = {{I}dentifying trends in land degradation in non-equilibrium rangelands},
  journal = {{J}ournal of {A}pplied {E}cology},
  year = {1998},
  volume = {35},
  pages = {365--377},
  number = {3}
}

@ARTICLE{Puyou-Lascassies1994,
  author = {Puyou-Lascassies, P. and Flouzat, G. and Gay, M. and Vignolles, C.},
  title = {{V}alidation of the use of multiple linear regression as a tool for
	unmixing coarse spatial resolution images},
  journal = {{R}emote {S}ensing of {E}nvironment},
  year = {1994},
  volume = {49},
  pages = {155--166},
  number = {2}
}

@ARTICLE{Puyou-Lascassies1994b,
  author = {Puyou-Lascassies, P. and Flouzat, G. and Gay, M. and Vignolles, C.},
  title = {{V}alidation of the use of multiple linear regression as a tool for
	unmixing coarse spatial resolution images},
  journal = {{R}emote {S}ensing of {E}nvironment},
  year = {1994},
  volume = {49},
  pages = {155--166},
  number = {2},
  abbrev_source_title = {REMOTE SENS. ENVIRON.},
  coden = {RSEEA},
  publisher = {Elsevier Science Publ Co Inc, New York, NY, United States}
}

@ELECTRONIC{Herbarium2009,
  author = {Queensland Herbarium,},
  month = nov,
  year = {2009},
  title = {{R}egional {E}cosystem {D}escription {D}atabase ({REDD}). {V}ersion
	6.0b},
  organization = {Department of Environment and Resource Management}
}

@ARTICLE{Roeder2008,
  author = {R\"{o}der, A. and Hill, J. and Duguy, B. and Alloza, J. A. and Vallejo,
	R.},
  title = {{U}sing long time series of {L}andsat data to monitor fire events
	and post-fire dynamics and identify driving factors. {A} case study
	in the {A}yora region (eastern {S}pain)},
  journal = {{R}emote {S}ensing of {E}nvironment},
  year = {2008},
  volume = {112},
  pages = {259--273},
  number = {1}
}

@ARTICLE{Roeder2005,
  author = {R\"{o}der, A. and Kuemmerle, T. and Hill, J.},
  title = {{E}xtension of retrospective datasets using multiple sensors. {A}n
	approach to radiometric intercalibration of {L}andsat {TM} and {MSS}
	data},
  journal = {{R}emote {S}ensing of {E}nvironment},
  year = {2005},
  volume = {95},
  pages = {195--210},
  number = {2}
}

@ARTICLE{Roeder2007,
  author = {R\"{o}der, A. and Kuemmerle, T. and Hill, J. and Papanastasis, V.
	P. and Tsiourlis, G. M.},
  title = {{A}daptation of a grazing gradient concept to heterogeneous {M}editerranean
	rangelands using cost surface modelling},
  journal = {{E}cological {M}odelling},
  year = {2007},
  volume = {204},
  pages = {387--398},
  number = {3-4}
}

@INPROCEEDINGS{Roeder2008b,
  author = {R\"{o}der, A.. and Stellmes, M. and Hill, J. and Kuemmerle, T. and
	Tsiourlis, G. M.},
  title = {{A}nalysing land cover change using time series analysis of {L}andsat
	data and geoinformation processing. {A} natural experiment in {N}orthern
	{G}reece},
  booktitle = {Proceedings of SPIE - The International Society for Optical Engineering},
  year = {2008},
  volume = {7104},
  address = {Cardiff, Wales}
}

@ARTICLE{Roeder2008a,
  author = {R\"{o}der, A. and Udelhoven, Th and Hill, J. and del Barrio, G. and
	Tsiourlis, G.},
  title = {{T}rend analysis of {L}andsat-{TM} and -{ETM}+ imagery to monitor
	grazing impact in a rangeland ecosystem in {N}orthern {G}reece},
  journal = {{R}emote {S}ensing of {E}nvironment},
  year = {2008},
  volume = {112},
  pages = {2863--2875},
  number = {6}
}

@ARTICLE{Ray1996,
  author = {Ray, T. W. and Murray, B. C.},
  title = {{N}onlinear spectral mixing in desert vegetation},
  journal = {{R}emote {S}ensing of {E}nvironment},
  year = {1996},
  volume = {55},
  pages = {59--64},
  number = {1}
}

@BOOK{Ritman1995,
  title = {{S}tructural {V}egetation {D}ata: a specifications manual for the
	{M}urray {D}arling {B}asin {P}roject {M}305},
  publisher = {NSW Department of Land and Water Conservation, Land Information Centre},
  year = {1995},
  editor = {Anonymous},
  author = {Ritman, K. T.}
}

@ARTICLE{Roberts1998,
  author = {Roberts, D. A. and Gardner, M. and Church, R. and Ustin, S. and Scheer,
	G. and Green, R. O.},
  title = {{M}apping chaparral in the {S}anta {M}onica {M}ountains using multiple
	endmember spectral mixture models},
  journal = {{R}emote {S}ensing of {E}nvironment},
  year = {1998},
  volume = {65},
  pages = {267--279},
  number = {3}
}

@TECHREPORT{Robinson,
  author = {Robinson, David J. and Redding, Nicholas J. and Crisp, David J.},
  title = {{Implementation of a Fast Algorithm for Segmenting {SAR} Imagery}},
  institution = {Defence Science and Technology Organisation},
  year = {2002},
  citeulike-article-id = {7234928},
  citeulike-linkout-0 = {http://dspace.dsto.defence.gov.au/dspace/bitstream/1947/4162/1/DSTO-TR-1242\%20PR.pdf},
  posted-at = {2010-06-02 10:11:55},
  priority = {3},
  url = {http://dspace.dsto.defence.gov.au/dspace/bitstream/1947/4162/1/DSTO-TR-1242\%20PR.pdf}
}

@ARTICLE{Rosette2009,
  author = {Rosette, J.A. and North, P.R.J. and Suarez, J.C. and Armston, J.D.},
  title = {{A} comparison of biophysical parameter retrieval for forestry using
	airborne and satellite {L}i{DAR}},
  journal = {{I}nternational {J}ournal of {R}emote {S}ensing},
  year = {2009},
  volume = {30},
  pages = {5229--5237},
  number = {19},
  abbrev_source_title = {Int. J. Remote Sens.},
  coden = {IJSED}
}

@ARTICLE{Salvador1998,
  author = {Salvador, R. and Pons, X.},
  title = {{O}n the reliability of landsat {TM} for estimating forest variables
	by regression techniques: {A} methodological analysis},
  journal = {{IEEE} {T}ransactions on {G}eoscience and {R}emote {S}ensing},
  year = {1998},
  volume = {36},
  pages = {1888--1897},
  number = {6}
}

@INPROCEEDINGS{Scarth2008,
  author = {Scarth, P. and Armston, J. and Danaher, T.},
  title = {{O}n the relationship between crown cover, foliage projective cover
	and leaf area index},
  booktitle = {14th Australian Remote Sensing and Photogrammetry Conference},
  year = {2008},
  editor = {Edwards, E and Bartolo, R},
  address = {Darwin}
}

@ARTICLE{Scarth2008b,
  author = {Scarth, P. and Armston, J. and Danaher, T.},
  title = {On the relationship between crown cover, foliage projective cover
	and leaf area index},
  journal = {Proceedings of the 14th Australian Remote Sensing and Photogrammetry
	Conference},
  year = {2008},
  __markedentry = {[pete]}
}

@INPROCEEDINGS{Scarth2010,
  author = {Scarth, P. and Armston, J. and Goodwin, N.},
  title = {If You Climb Up A Tree, You Must Climb Down The Same Tree. But How
	High Was It?},
  booktitle = {15th Australasian Remote Sensing and Photogrammetry Conference},
  year = {2010},
  __markedentry = {[pete]}
}

@INPROCEEDINGS{Scarth2006,
  author = {Scarth, P. and Byrne, M. and Danaher, T. and Henry, B. and Hassett,
	R. and Carter, J. and Timmers, P.},
  title = {{S}tate of the paddock: monitoring condition and trend in groundcover
	across {Q}ueensland},
  booktitle = {13th Australasian Remote Sensing Conference},
  year = {2006},
  address = {Canberra}
}

@ARTICLE{Scarth2000,
  author = {Scarth, P. and Phinn, S.},
  title = {{D}etermining forest structural attributes using an inverted geometric-optical
	model in mixed eucalypt forests, {S}outheast {Q}ueensland, {A}ustralia},
  journal = {{R}emote {S}ensing of {E}nvironment},
  year = {2000},
  volume = {71},
  pages = {141--157},
  number = {2}
}

@INPROCEEDINGS{Schmidt2008b,
  author = {Schmidt, M and Scarth, P and Milne, J},
  title = {{G}round-cover estimation with iterative spectral mixture analysis},
  booktitle = {14th Australian Remote Sensing and Photogrammetry Conference},
  year = {2008},
  editor = {Edwards, E and Bartolo, R},
  address = {Darwin}
}

@ARTICLE{Schutz2005,
  author = {Schutz, B.E. and Zwally, H.J. and Shuman, C.A. and Hancock, D. and
	DiMarzio, J.P.},
  title = {{O}verview of the {ICES}at mission},
  journal = {{G}eophysical {R}esearch {L}etters},
  year = {2005},
  volume = {32},
  pages = {1--4},
  number = {21},
  abbrev_source_title = {Geophys. Res. Lett.},
  art_number = {L21S01},
  coden = {GPRLA}
}

@ARTICLE{Settle1998,
  author = {Settle, J. and Campbell, N. },
  title = {{O}n the errors of two estimators of sub-pixel fractional cover when
	mixing is linear},
  journal = IEEE_J_GRS,
  year = {1998},
  volume = {36},
  pages = {163--170},
  number = {1}
}

@ARTICLE{Settle1996,
  author = {Settle, J. J.},
  title = {{O}n the relationship between spectral unmixing and subspace projection},
  journal = {{IEEE} {T}ransactions on {G}eoscience and {R}emote {S}ensing},
  year = {1996},
  volume = {34},
  pages = {1045--6},
  number = {4}
}

@ARTICLE{Small2004a,
  author = {Small, C.},
  title = {{T}he {L}andsat {ETM}+ spectral mixing space},
  journal = {{R}emote {S}ensing of {E}nvironment},
  year = {2004},
  volume = {93},
  pages = {1--17},
  number = {1-2},
  abbrev_source_title = {Remote Sens. Environ.},
  author_keywords = {Landsat ETM+; Reflectance; Spectral mixture analysis},
  coden = {RSEEA}
}

@ARTICLE{Specht1983,
  author = {Specht, R.L.},
  title = {{F}oliage projective covers of overstorey and understorey strata
	of mature vegetation in {A}ustralia.},
  journal = {{A}ustral {E}cology},
  year = {1983},
  volume = {8},
  pages = {433--439},
  number = {4},
  date = {1983///}
}

@ARTICLE{Specht1999,
  author = {Specht, R. L. and Specht, A.},
  title = {{A}ustralian plant communities: {D}ynamics of structure},
  journal = {{G}rowth and {B}iodiversity},
  year = {1999}
}

@BOOK{Tongway1995,
  title = {{M}anual for soil condition assessment of tropical grasslands},
  publisher = {CSIRO Division of Wildlife and Ecology},
  year = {1995},
  author = {Tongway, David and Hindley, Norman and Ecology, Csiro Division of
	Wildlife},
  pages = {vi, 60 p. :},
  address = {Lyneham, A.C.T. :}
}

@ARTICLE{Vries2007,
  author = {de Vries, C. and Danaher, T. and Denham, R. and Scarth, P. and Phinn,
	S.},
  title = {{A}n operational radiometric calibration procedure for the {L}andsat
	sensors based on pseudo-invariant target sites},
  journal = {{R}emote {S}ensing of {E}nvironment},
  year = {2007},
  volume = {107},
  pages = {414--429},
  number = {3}
}

@INCOLLECTION{Walker1990b,
  author = {Walker, J. and Hopkins, M.S.},
  title = {{A}ustralian soil and land survey : field handbook},
  booktitle = {Australian soil and land survey : field handbook},
  publisher = {CSIRO},
  year = {1990},
  editor = {McDonald, R.C. and R.F. Isbell J.G. Speight J. Walker and Hopkins.,
	M.S.},
  pages = {190},
  address = {Canberra},
  edition = {2nd ed.}
}

@ARTICLE{Wallace2006,
  author = {Wallace, J. and Behn, G. and Furby, S.},
  title = {{V}egetation condition assessment and monitoring from sequences of
	satellite imagery},
  journal = {{E}cological {M}anagement and {R}estoration},
  year = {2006},
  volume = {7},
  number = {SUPPL. 1}
}

@ARTICLE{Walthall1985,
  author = {Walthall, C. L. and Norman, J. M. and Welles, J. M. and Campbell,
	G. and Blad, B. L.},
  title = {{SIMPLE EQUATION TO APPROXIMATE THE BIDIRECTIONAL REFLECTANCE FROM
	VEGETATIVE CANOPIES AND BARE SOIL SURFACES}},
  journal = {{A}pplied {O}ptics},
  year = {1985},
  volume = {24},
  pages = {383--387},
  number = {3}
}

@ARTICLE{Washington-Allen2006,
  author = {Washington-Allen, R. A. and West, N. E. and Ramsey, R. D. and Efroymson,
	R. A.},
  title = {{A} protocol for retrospective remote sensing-based ecological monitoring
	of rangelands},
  journal = {{R}angeland {E}cology and {M}anagement},
  year = {2006},
  volume = {59},
  pages = {19--29},
  number = {1}
}

@ARTICLE{Watson2007,
  author = {Watson, I. W. and Novelly, P. E. and Thomas, P. W. E.},
  title = {{M}onitoring changes in pastoral rangelands the {W}estern {A}ustralian
	{R}angeland {M}onitoring {S}ystem ({WARMS})},
  journal = {{R}angeland {J}ournal},
  year = {2007},
  volume = {29},
  pages = {191--205},
  number = {2}
}

@ARTICLE{Watson2007a,
  author = {Watson, I. W. and Thomas, P. W. E. and Fletcher, W. J.},
  title = {{T}he first assessment, using a rangeland monitoring system, of change
	in shrub and tree populations across the arid shrublands of {W}estern
	{A}ustralia},
  journal = {{R}angeland {J}ournal},
  year = {2007},
  volume = {29},
  pages = {25--37},
  number = {1}
}

@ARTICLE{Williams2006,
  author = {Williams, D. L. and Goward, S. and Arvidson, T.},
  title = {{L}andsat: {Y}esterday, today, and tomorrow},
  journal = {{P}hotogrammetric {E}ngineering and {R}emote {S}ensing},
  year = {2006},
  volume = {72},
  pages = {1171--1178},
  number = {10}
}

@ARTICLE{Williamson1993,
  author = {Williamson, H. D. and Eldridge, D. J.},
  title = {{P}asture status in a semi-arid grassland},
  journal = {{I}nternational {J}ournal of {R}emote {S}ensing},
  year = {1993},
  volume = {14},
  pages = {2535--2546},
  number = {13}
}

@ARTICLE{Woodcock1992,
  author = {Woodcock, C. and Harward, V. J.},
  title = {{N}ested-hierarchical scene models and image segmentation},
  journal = {{I}nternational {J}ournal of {R}emote {S}ensing},
  year = {1992},
  volume = {13},
  pages = {3167--3187},
  number = {16}
}

@ARTICLE{Xu1998,
  author = {Xu, P.},
  title = {{T}runcated {SVD} methods for discrete linear ill-posed problems},
  journal = {{G}eophysical {J}ournal {I}nternational},
  year = {1998},
  volume = {135},
  pages = {505--514},
  number = {2}
}

@ARTICLE{Zwally2002,
  author = {Zwally, H.J. and Schutz, B. and Abdalati, W. and Abshire, J. and
	Bentley, C. and Brenner, A. and Bufton, J. and Dezio, J. and Hancock,
	D. and Harding, D. and Herring, T. and Minster, B. and Quinn, K.
	and Palm, S. and Spinhirne, J. and Thomas, R.},
  title = {{ICES}at's laser measurements of polar ice, atmosphere, ocean, and
	land},
  journal = {{J}ournal of {G}eodynamics},
  year = {2002},
  volume = {34},
  pages = {405--445},
  number = {3-4},
  abbrev_source_title = {J. Geodyn.}
}